@book{ArtOfUnixProgramming,
  title = {The {{Art}} of {{Unix Programming}}},
  author = {Raymond, Eric Steven},
  year = {2003},
  edition = {1},
  publisher = {Addison-Wesley},
  address = {Upper Saddle River, NJ},
  collaborator = {{hst}},
  copyright = {Creative Commons No Derivatives},
  isbn = {978-0-13-142901-7},
  langid = {english},
  keywords = {unix},
  file = {/Users/byteme/Zotero/storage/KP2RQII9/Raymond - 2003 - The Art of Unix Programming.pdf}
}

@book{FreeBSDOS,
  title = {The Design and Implementation of the {{FreeBSD}} Operating System},
  author = {McKusick, Marshall Kirk and {Neville-Neil}, George V. and Watson, Robert N. M.},
  year = {2015},
  edition = {2},
  publisher = {Addison-Wesley},
  address = {Upper Saddle River, NJ},
  isbn = {978-0-321-96897-5},
  langid = {english},
  file = {/Users/byteme/Zotero/storage/PPL4TDKN/McKusick et al. - 2015 - The design and implementation of the FreeBSD operating system.pdf}
}

@misc{interviewNH,
  title = {{Experteninterview {\"u}ber UNIX-System und moderne Betriebssysteme}},
  author = {{von Niederh{\"a}usern}, Peter Alfred},
  year = {2025},
  month = mar,
  collaborator = {Szabo, Denis Andrei},
  langid = {ngerman}
}

@book{ModernOS,
  title = {Modern {{Operating Systems}}},
  author = {Tanenbaum, Andrew S. and Bos, Herbert},
  year = {2024},
  edition = {5},
  publisher = {Pearson},
  address = {Hoboken, New Jersey},
  isbn = {978-1-292-45966-0},
  langid = {english},
  lccn = {446 TANEN},
  keywords = {Betriebssystem,BETRIEBSSYSTEME,CASE STUDIES (DOCUMENT TYPE),DATEISYSTEMVERWALTUNG (BETRIEBSSYSTEME),FALLSTUDIEN (DOKUMENTENTYP),FILE SYSTEMS MANAGEMENT (OPERATING SYSTEMS),OPERATING SYSTEMS,Operating systems (Computers),PROCESS MANAGEMENT (OPERATING SYSTEMS),PROZESSVERWALTUNG + PROZESSMANAGEMENT (BETRIEBSSYSTEME),SPEICHERORGANISATION + SPEICHERVERWALTUNG (BETRIEBSSYSTEME),STORAGE MANAGEMENT + MEMORY MANAGEMENT (OPERATING SYSTEMS),Systemes d'exploitation (ordinateurs),SYSTEMPROGRAMMIERUNG (BETRIEBSSYSTEME),SYSTEMS PROGRAMMING (OPERATING SYSTEMS)}
}

@book{OSConcept,
  title = {Operating {{System Concepts}}},
  author = {Silberschatz, Abraham and Galvin, Peter B. and Gagne, Greg},
  year = {2018},
  edition = {10},
  publisher = {John Wiley \& Sons},
  address = {Hoboken, New Jersey},
  abstract = {10th edition of Operating System Concepts by Abraham Silberschatz, Peter B. Galvin, and Greg Gagne.},
  isbn = {978-1-118-06333-0},
  langid = {english},
  keywords = {operating system},
  file = {/Users/byteme/Zotero/storage/8KTT7XBS/Silberschatz et al. - 2018 - Operating System Concepts.pdf}
}

@misc{WSL,
  title = {Windows {{Subsystem}} for {{Linux Documentation}}},
  author = {Anonym},
  journal = {Microsoft Docs},
  url = {https://learn.microsoft.com/en-us/windows/wsl/},
  urldate = {2025-05-04},
  abstract = {Overview of the Windows Subsystem for Linux documentation.},
  langid = {american},
  note = {Accessed: 2025-04-05},
  file = {/Users/byteme/Zotero/storage/7E2U5GYJ/mattwojo - Windows Subsystem for Linux Documentation.pdf;/Users/byteme/Zotero/storage/YSU8VLS9/wsl.html}
}
